%% This BibTeX bibliography file was created using BibDesk.
%% http://bibdesk.sourceforge.net/


%% Created for Adam Maloof at 2011-08-24 15:45:37 -0400 


%% Saved with string encoding Unicode (UTF-8) 

% FJS you can shorten your journals and expand later
@string{Hydro = {Hydrol. Earth Syst. Sci.}}
@Article{Peel2008,
  author = 	 {M.C. Peel and B.L. Finlayson and T.A. McMahon}, 
  title = 	 {Updated world map of the Koppen-Geiger climate classification}, 
  journal = 	 Hydro,
  year = 	 2007,
  volume =	 11,
  pages =	 {1633-1644}
}

@article{Eagleson,
	Author = {P.S Eagleson},
	Journal = {Water Resources Research},
	Number = {5},
	Pages = {713-721},
	Title = {Climate, Soil, and Vegatation: 2. The Distribution of Annual Precipitation Derived From Observed Storm Sequences},
	Volume = {14},
	Year = {1978}}

@article{Tucker,
	Author = {G.E. Tucker and R.L. Bras},
	Journal = {Waters Resource Research},
	Pages = {1953-1964},
	Title = {A stochastic approach to modeling the role of rainfall variability in drainngage basin evolution},
	Volume = {36},
	Number = {5},
	Year = {2000}}

@article{Scher,
	Author = {S. Scher and G. Messori},
	Journal = {Q J R Meteorol Soc.},
	Pages = {2830-2841},
	Title = {{Predicting weather forecast uncertainty with machine learning}},
	Volume = {144},
	Year = {2018}}

@misc{Vaisala,
	Author = {Vaisala},
	Year = {accessed Septemeber 26, 2020},
	Pages = {1-4},
	Title = {Vaisala Weather Transmitter WXT530 Series},
	howpublished = {\url{https://www.vaisala.com/sites/default/files/documents/WEA-MET-G-WXT530%20Datasheet__Low.pdf}}}

@article{Elderfield1996a,
	Author = {H. Elderfield and A. Schultz},
	Date-Added = {2011-08-24 15:25:11 -0400},
	Date-Modified = {2011-08-24 15:25:11 -0400},
	Journal = {Annual Review of Earth and Planetary Sciences},
	Pages = {191-224},
	Title = {{Mid-ocean ridge hydrothermal fluxes and the chemical composition of the ocean}},
	Volume = {24},
	Year = {1996}}

@article{Allegre2010a,
	Author = {C.J. All\`egre and J. Gaillardet and L. Meynadier and S. Rad and F. Capmas},
	Date-Added = {2011-08-24 15:25:01 -0400},
	Date-Modified = {2011-08-24 15:25:01 -0400},
	Journal = {Earth and Planetary Science Letters},
	Pages = {51-56},
	Title = {{The fundamental role of island arc weathering in the oceanic Sr isotope budget}},
	Volume = {292},
	Year = {2010}}

@article{Meybeck2003a,
	Author = {M. Meybeck},
	Date-Added = {2011-08-24 15:24:54 -0400},
	Date-Modified = {2011-08-24 15:24:54 -0400},
	Journal = {Philosophical Tansactions of the Royal Society of London Series B - Biological Sciences},
	Pages = {1935-1955},
	Title = {{Global analysis of river systems: from Earth system controls to Anthropocene syndromes}},
	Volume = {358},
	Year = {2003}}

@article{Halverson2005a,
	Author = {Halverson, G.P. and Hoffman, P.F. and Maloof, A.C. and Schrag, D.P. and Rice, A. Hugh N. and Bowring, S.A. and Dudas, F.},
	Date-Added = {2011-08-24 15:24:24 -0400},
	Date-Modified = {2011-08-24 15:24:24 -0400},
	Journal = {Geological Society of America Bulletin},
	Keywords = {EH_Neoproterozoic, Cap carbonates},
	Local-Url = {Papers/Halverson2005aA composite carbon isotope record.pdf},
	Pages = {1181-1207},
	Title = {Toward a {N}eoproterozoic composite carbon-isotope record},
	Volume = {117},
	Year = {2005},
	Bdsk-File-1 = {YnBsaXN0MDDUAQIDBAUIJidUJHRvcFgkb2JqZWN0c1gkdmVyc2lvblkkYXJjaGl2ZXLRBgdUcm9vdIABqAkKFRYXGyIjVSRudWxs0wsMDQ4RFFpOUy5vYmplY3RzV05TLmtleXNWJGNsYXNzog8QgASABqISE4ACgAOAB1lhbGlhc0RhdGFccmVsYXRpdmVQYXRo0hgNGRpXTlMuZGF0YU8RAnQAAAAAAnQAAgAABlBPTFlOQQAAAAAAAAAAAAAAAAAAAAAAAAAAAMHmqkJIKwAAAEoJ+h9IYWx2ZXJzb24yMDA1YSBBIGNvbXAjREVDQUYucGRmAAAAAAAAAAAAAAAAAAAAAAAAAAAAAAAAAAAAAAAAAAAADeyvAAAAAAAAAAAAAAAAAAMABQAACSAAAAAAAAAAAAAAAAAAAAAGUGFwZXJzABAACAAAwebwkgAAABEACAAAAAAAAAAAAAEAGABKCfoAHZ8KAA3skgAIR7cACEeqAABvIAACAFpQT0xZTkE6VXNlcnM6Q3Jvc2U6RG9jdW1lbnRzOkxpdGVyYXR1cmU6TWFudXNjcmlwdHM6UGFwZXJzOkhhbHZlcnNvbjIwMDVhIEEgY29tcCNERUNBRi5wZGYADgCYAEsASABhAGwAdgBlAHIAcwBvAG4AMgAwADAANQBhACAAQQAgAGMAbwBtAHAAbwBzAGkAdABlACAAYwBhAHIAYgBvAG4AIABpAHMAbwB0AG8AcABlACAAcgBlAGMAbwByAGQAIABmAG8AcgAgAHQAaABlACAATgBlAG8AcAByAG8AdABlAHIAbwB6AG8AaQBjAC4AcABkAGYADwAOAAYAUABPAEwAWQBOAEEAEgB/VXNlcnMvQ3Jvc2UvRG9jdW1lbnRzL0xpdGVyYXR1cmUvTWFudXNjcmlwdHMvUGFwZXJzL0hhbHZlcnNvbjIwMDVhIEEgY29tcG9zaXRlIGNhcmJvbiBpc290b3BlIHJlY29yZCBmb3IgdGhlIE5lb3Byb3Rlcm96b2ljLnBkZgAAEwABLwAAFQACAAz//wAAgAXSHB0eH1gkY2xhc3Nlc1okY2xhc3NuYW1lox8gIV1OU011dGFibGVEYXRhVk5TRGF0YVhOU09iamVjdF8QfC4uLy4uLy4uL0RvY3VtZW50cy9MaXRlcmF0dXJlL01hbnVzY3JpcHRzL1BhcGVycy9IYWx2ZXJzb24yMDA1YSBBIGNvbXBvc2l0ZSBjYXJib24gaXNvdG9wZSByZWNvcmQgZm9yIHRoZSBOZW9wcm90ZXJvem9pYy5wZGbSHB0kJaIlIVxOU0RpY3Rpb25hcnkSAAGGoF8QD05TS2V5ZWRBcmNoaXZlcgAIABEAFgAfACgAMgA1ADoAPABFAEsAUgBdAGUAbABvAHEAcwB2AHgAegB8AIYAkwCYAKADGAMaAx8DKAMzAzcDRQNMA1UD1APZA9wD6QPuAAAAAAAAAgEAAAAAAAAAKAAAAAAAAAAAAAAAAAAABAA=}}

@techreport{Preiss2002a,
	Author = {Preiss, W.V. and Robertson, R.S.},
	Chapter = {{A}delaide {G}eosyncline and {S}tuart {S}helf},
	Date-Added = {2011-08-24 15:24:18 -0400},
	Date-Modified = {2011-08-24 15:24:18 -0400},
	Institution = {PIRSA},
	Title = {South {A}ustralian mineral explorers guide},
	Year = {2002},
	Bdsk-File-1 = {YnBsaXN0MDDUAQIDBAUIJidUJHRvcFgkb2JqZWN0c1gkdmVyc2lvblkkYXJjaGl2ZXLRBgdUcm9vdIABqAkKFRYXGyIjVSRudWxs0wsMDQ4RFFpOUy5vYmplY3RzV05TLmtleXNWJGNsYXNzog8QgASABqISE4ACgAOAB1lhbGlhc0RhdGFccmVsYXRpdmVQYXRo0hgNGRpXTlMuZGF0YU8RAjoAAAAAAjoAAgAABlBPTFlOQQAAAAAAAAAAAAAAAAAAAAAAAAAAAMHmqkJIKwAAAEoJ+h9QcmVpc3MyMDAyYSBTb3V0aCBBdXMjREVFNDQucGRmAAAAAAAAAAAAAAAAAAAAAAAAAAAAAAAAAAAAAAAAAAAADe5EAAAAAAAAAAAAAAAAAAMABQAACSAAAAAAAAAAAAAAAAAAAAAGUGFwZXJzABAACAAAwebwkgAAABEACAAAAAAAAAAAAAEAGABKCfoAHZ8KAA3skgAIR7cACEeqAABvIAACAFpQT0xZTkE6VXNlcnM6Q3Jvc2U6RG9jdW1lbnRzOkxpdGVyYXR1cmU6TWFudXNjcmlwdHM6UGFwZXJzOlByZWlzczIwMDJhIFNvdXRoIEF1cyNERUU0NC5wZGYADgByADgAUAByAGUAaQBzAHMAMgAwADAAMgBhACAAUwBvAHUAdABoACAAQQB1AHMAdAByAGEAbABpAGEAbgAgAG0AaQBuAGUAcgBhAGwAIABlAHgAcABsAG8AcgBlAHIAcwAgAGcAdQBpAGQAZQAuAHAAZABmAA8ADgAGAFAATwBMAFkATgBBABIAbFVzZXJzL0Nyb3NlL0RvY3VtZW50cy9MaXRlcmF0dXJlL01hbnVzY3JpcHRzL1BhcGVycy9QcmVpc3MyMDAyYSBTb3V0aCBBdXN0cmFsaWFuIG1pbmVyYWwgZXhwbG9yZXJzIGd1aWRlLnBkZgATAAEvAAAVAAIADP//AACABdIcHR4fWCRjbGFzc2VzWiRjbGFzc25hbWWjHyAhXU5TTXV0YWJsZURhdGFWTlNEYXRhWE5TT2JqZWN0XxBpLi4vLi4vLi4vRG9jdW1lbnRzL0xpdGVyYXR1cmUvTWFudXNjcmlwdHMvUGFwZXJzL1ByZWlzczIwMDJhIFNvdXRoIEF1c3RyYWxpYW4gbWluZXJhbCBleHBsb3JlcnMgZ3VpZGUucGRm0hwdJCWiJSFcTlNEaWN0aW9uYXJ5EgABhqBfEA9OU0tleWVkQXJjaGl2ZXIACAARABYAHwAoADIANQA6ADwARQBLAFIAXQBlAGwAbwBxAHMAdgB4AHoAfACGAJMAmACgAt4C4ALlAu4C+QL9AwsDEgMbA4cDjAOPA5wDoQAAAAAAAAIBAAAAAAAAACgAAAAAAAAAAAAAAAAAAAOz}}

@unpublished{Maloof2011a,
	Author = {A.C. Maloof},
	Date-Added = {2011-08-24 13:00:18 -0400},
	Date-Modified = {2011-08-24 13:03:34 -0400},
	Month = {August},
	Title = {\LaTeX Template for Junior and Senior Indepentent Research Papers, Department of Geosciences, Princeton University},
	Year = {2011}}
