%% This BibTeX bibliography file was created using BibDesk.
%% http://bibdesk.sourceforge.net/


%% Created for Adam Maloof at 2011-08-24 15:45:37 -0400 


%% Saved with string encoding Unicode (UTF-8) 

% FJS you can shorten your journals and expand later
@string{Hydro = {Hydrol. Earth Syst. Sci.}}
@Article{Peel2008,
	author = 	 {M.C. Peel and B.L. Finlayson and T.A. McMahon}, 
	title = 	 {Updated world map of the Koppen-Geiger climate classification}, 
	journal = 	 Hydro,
	year = 	 2007,
	volume =	 11,
	pages =	 {1633-1644}
}

@article{Eagleson,
	Author = {P.S Eagleson},
	Journal = {Water Resources Research},
	Number = {5},
	Pages = {713-721},
	Title = {Climate, Soil, and Vegatation: 2. The Distribution of Annual Precipitation Derived From Observed Storm Sequences},
	Volume = {14},
	Year = {1978}}

@article{Tucker,
	Author = {G.E. Tucker and R.L. Bras},
	Journal = {Waters Resource Research},
	Pages = {1953-1964},
	Title = {A stochastic approach to modeling the role of rainfall variability in drainngage basin evolution},
	Volume = {36},
	Number = {5},
	Year = {2000}}

@article{Scher,
	Author = {S. Scher and G. Messori},
	Journal = {Q J R Meteorol Soc.},
	Pages = {2830-2841},
	Title = {{Predicting weather forecast uncertainty with machine learning}},
	Volume = {144},
	Year = {2018}}

@misc{Vaisala,
	Author = {Vaisala},
	Year = {accessed Septemeber 26, 2020},
	Pages = {1-4},
	Title = {Vaisala Weather Transmitter WXT530 Series},
	howpublished = {\url{https://www.vaisala.com/sites/default/files/documents/WEA-MET-G-WXT530%20Datasheet__Low.pdf}}}

